@book{km15,
   title = {Docker: Up and Running},
   author* = {Sean P. Kane, Karl Matthias},
   year = {2015},   
   publisher = {O'Reilly Media, Inc.},
   ISBN = {978-1-4919-1757-2}
}
@book{mc04,
   title = {User Stories Applied: For Agile Software Development},
   author* = {Mike Cohn},
   year = {2004},   
   publisher = {Addison-Wesley Professional},
   ISBN = {0-321-20568-5}
}

@book{ba14,
   title = {Beginning AngularJS},
   author* = {Andrew Grant},
   year = {2014},
   publisher = {Apress},
   ISBN = {978-1-484-20161-9}
}
 


The Designer's Web Handbook

By: Patrick McNeil

Publisher: HOW Books

Pub. Date: April 20, 2012

Print ISBN-13: 978-1-4403-1441-4

Web ISBN-13: 978-1-4403-1443-8

Pages in Print Edition: 272



Rest API Design Rulebook Safari Books
