@book{userstoriesapplied,
    author    = "Mike Cohn",
    title     = "User Stories Applied",
    year      = "2004",
    publisher = "Addison-Wesley Professional"
}

@book{buildingmicroservices,
    author    = "Sam Newman",
    title     = "Building Microservices",
    year      = "2015",
    publisher = "O'Reilly Media"
}

@book{scrumbook,
    title = "Scrum: The Art of Doing Twice the Work in Half the Time",
    author = "Jeff Sutherland",
    year = "2014",
    publisher = "Crown Business"
}

@book{refactor,
    title = "Refactoring - Improving the Design of Existing Code",
    author = "Martin Fowler",
    year = "1999",
    publisher = "Addison-Wesley Professional."
}

@book{apis,
    author    = "Leonard Richardson, Mike Amundsen, Sam Ruby",
    title     = "RESTful Web APIs",
    year      = "2013",
    publisher = "O'Reilly Media"
}

@book{flask,
    author     = "Miguel Grinberg",
    title      = "Flask Web Development",
    year       = "2014",
    publisher  = "O'Reilly Media"
}

@misc{agilealliance,
    title     = "Agile Alliance",
    Note       = "\url{https://www.agilealliance.org/}
                 [Accessed: 20 June 17]"
}
@misc{microservicesio,
    title     = "Microservices.io",
    Note       = "\url{http//microservices.io}
                 [Accessed: 20 June 17]"
}

@article{paperconsumption,
  author    = "V. Gallardo, A. Gaztelumendi, E. Rey",
  title     = "Paper consumption in La Aunciata Ikastetxea School, domiciliary rubis
           and advertising waste",
  Note      = "\url{http://www.laanunciataikerketa.com/trabajos/odisea/meridies.pdf}
              [Accessed: 20 June 17]"
}


@article{Fowler14Micro,
    author    = "Martin Fowler, James Lewis",
    year      = 2014,
    month     = "March",
    title     = "\emph{Microservices - A definition of this new architectural term}",
    Note       = "\url{https://martinfowler.com/articles/microservices.html}
                 [Accessed: 20 June 17]"
}

@misc{Rich15Intro,
  Author = "Chris Richardson",
  Title  = "\emph{Introduction to Microservices}",
  Note   = "\url{https://www.nginx.com/blog/introduction-to-microservices/}
           [Accessed: 20 June 17]",
  year = 2015,
  month = "May"
}


@misc{SMS,
  Author = "Butterfly Devs Team",
  Title  = "\emph{SMS Repository}",
  Note   = "\url{https://github.com/ButterFlyDevs/StudentsManagementSystem}"
}

@misc{SMSweb,
  Author = "Butterfly Devs Team",
  Title  = "\emph{SMS Web}",
  Note   = "\url{http://butterflydevs.github.io/StudentsManagementSystem/}"
}
